@article{cherkassky1999buckets,
  title={Buckets, heaps, lists, and monotone priority queues},
  author={Cherkassky, Boris V and Goldberg, Andrew V and Silverstein, Craig},
  journal={SIAM Journal on Computing},
  volume={28},
  number={4},
  pages={1326--1346},
  year={1999},
  publisher={SIAM}
}

@book{lancaster2001excel,
  title={Excel HSC Software Design and Development},
  author={Lancaster, G.},
  isbn={9781740202466},
  series={Excel HSC},
  url={https://books.google.com/books?id=3LZKAgAACAAJ},
  year={2001},
  publisher={Pascal Press}
}
